ledger,page,row,date,journal,particulars,cheque,debit,credit,balance,balance_side,day_ordinal,notes
BANK_PBB,1,1,01/06/2026,,BALANCE C/FWD,,172288.16,,172288.16,DR,1,opening anchor printed in DEBIT column; matches account_opening_balances anchor 172288.16
BANK_PBB,1,2,01/06/2026,JV26/06/01,AUTOMATED LOAN PYMT OF AC#2-9841452-06 F OR MONTH OF JUNE 2026,,,4082.00,168206.16,DR,2,JV journal ref format JV{YY}/{MM}/{seq}; no cheque value; particulars wraps mid-word (F OR = FOR)
BANK_PBB,1,3,01/06/2026,JV26/06/02,AUTOMATED LOAN PYMT OF AC#8064214419(900 10) FOR MONTH OF JUN'2026,,,2086.00,166120.16,DR,3,
BANK_PBB,1,4,01/06/2026,T010626,INV/NO : 025841/KLIAS,T010626,23755.30,,189875.46,DR,4,T-family direct-to-bank receipt; cheque column repeats journal base
BANK_PBB,1,5,03/06/2026,TF030626,INV/NO : 63810/DESSERT,TF030626,206.40,,190081.86,DR,1,
BANK_PBB,1,6,04/06/2026,PBE001/06,AMOUNT DUE TO DIRECTOR -GTH/WSF,PBE26060,,1316.00,188765.86,DR,1,PBE payment ref format PBE{seq}/{MM}; cheque column PBE26060 batch ref
BANK_PBB,1,7,04/06/2026,PBE002/06,CLAIM BILLS,PBE26060,,414.98,188350.88,DR,2,
BANK_PBB,1,8,04/06/2026,PBE003/06,DRAWING WORKERS-RAMLIH,PBE26060,,100.00,188250.88,DR,3,
BANK_PBB,1,9,04/06/2026,PBE004/06,SABAFIRE ENGINEERING,PBE26060,,425.00,187825.88,DR,4,date partially obscured by hole punch; day inferred 04 from balance chain
BANK_PBB,1,10,04/06/2026,PBE005/06,SANAJA S/B,PBE26060,,1026.40,186799.48,DR,5,payee name print quality low (SANAJA vs SAHAJA UNCERTAIN)
BANK_PBB,1,11,04/06/2026,PBE006/06,PUNCAK NIAGA,PBE26060,,22631.40,164168.08,DR,6,
BANK_PBB,1,12,04/06/2026,PBE007/06,CLAIM BILLS/DRAWING WORKERS -NORSALINA J ULHARI (BOY)),PBE26060,,5000.00,159168.08,DR,7,particulars wraps mid-word (J ULHARI = JULHARI)
BANK_PBB,1,13,04/06/2026,RV001/06,SALES 14/05/2026,,200.00,,159368.08,DR,8,RV bank-in row; pre-June source date 14/05; no cheque value
BANK_PBB,1,14,04/06/2026,RV002/06,SALES 19/05/2026,,500.00,,159868.08,DR,9,
BANK_PBB,1,15,04/06/2026,RV003/06,SALES 28/05/2026,,1000.00,,160868.08,DR,10,
BANK_PBB,1,16,04/06/2026,RV004/06,SALES 29/05/2026,,8000.00,,168868.08,DR,11,
BANK_PBB,1,17,04/06/2026,RV005/06,SALES 04/06/2026,,1000.00,,169868.08,DR,12,partial banking of 04/06 pool: RV005-009 = 13280.00 of 17747.60
BANK_PBB,1,18,04/06/2026,RV006/06,SALES 04/06/2026,,4830.00,,174698.08,DR,13,
BANK_PBB,1,19,04/06/2026,RV007/06,SALES 04/06/2026,,950.00,,175648.08,DR,14,
BANK_PBB,1,20,04/06/2026,RV008/06,SALES 04/06/2026,,3000.00,,178648.08,DR,15,
BANK_PBB,1,21,04/06/2026,RV009/06,SALES 04/06/2026,,3500.00,,182148.08,DR,16,
BANK_PBB,1,22,04/06/2026,TF040626,INV/NO : 63632/SHOP(3),TF040626,1427.90,,183575.98,DR,17,TF-family suffix series base; cheque column carries base ref for all suffixed rows
BANK_PBB,1,23,04/06/2026,TF040626-1,INV/NO : 63661/SHOP(1),TF040626,798.40,,184374.38,DR,18,
BANK_PBB,1,24,04/06/2026,TF040626-2,INV/NO : 63487/63662/SHOP(2),TF040626,1629.00,,186003.38,DR,19,plan fixture 6: one transfer settling two invoices 63487+63662 = 1629.00
BANK_PBB,1,25,04/06/2026,TF040626-3,INV/NO : 63699/MYSHOP-NBZ,TF040626,342.00,,186345.38,DR,20,
BANK_PBB,1,26,04/06/2026,TF040626-4,INV/NO : 63594/63687/MYSHOP(1),TF040626,1729.10,,188074.48,DR,21,date obscured by hole punch; day inferred 04
BANK_PBB,1,27,04/06/2026,TF040626-5,INV/NO : 63686/63593/MYSHOP(3),TF040626,2551.50,,190625.98,DR,22,invoice numbers printed out of numeric order (63686 before 63593)
BANK_PBB,1,28,04/06/2026,TF040626-6,INV/NO : 63577/MYSHOP(KM),TF040626,353.05,,190979.03,DR,23,
BANK_PBB,1,29,04/06/2026,TF040626-7,INV/NO : 63579/63578/MYSHOP-QL,TF040626,2147.60,,193126.63,DR,24,
BANK_PBB,1,30,04/06/2026,TR040626,INV/NO : 2004744/MYSHOP(B),TR040626,2377.40,,195504.03,DR,25,
BANK_PBB,1,31,04/06/2026,TR040626-1,INV/NO : 2004755/2004802/MYSHOP-P4,TR040626,2388.40,,197892.43,DR,26,
BANK_PBB,1,32,04/06/2026,TR040626-2,INV/NO : 2004754/MYSHOP-K,TR040626,1805.00,,199697.43,DR,27,
BANK_PBB,1,33,04/06/2026,TT040626,INV/NO : 34675/MYSHOP-TBT,TT040626,1771.60,,201469.03,DR,28,
BANK_PBB,1,34,04/06/2026,TT040626-1,INV/NO : 34673/MYSHOP(T),TT040626,5456.00,,206925.03,DR,29,
BANK_PBB,1,35,04/06/2026,TT040626-2,INV/NO : 34676/MYSHOP(T3),TT040626,1547.60,,208472.63,DR,30,
BANK_PBB,1,36,04/06/2026,TT040626-3,INV/NO : 34699/34783/MYSHOP(2),TT040626,1113.60,,209586.23,DR,31,
BANK_PBB,1,37,04/06/2026,TT040626-4,INV/NO : 34729/MYSHOP(R2),TT040626,1026.00,,210612.23,DR,32,
BANK_PBB,1,38,04/06/2026,TT040626-5,INV/NO : 34772/MYSHOP(KV),TT040626,1026.00,,211638.23,DR,33,
BANK_PBB,1,39,05/06/2026,PBE008/06,PBB-MONTHLY SALARY STAFFS/WORKERS & DIRE CTOR(05/2026),PBE26060,,99794.95,111843.28,DR,1,largest single credit of month; wraps mid-word (DIRE CTOR)
BANK_PBB,2,40,05/06/2026,PBE009/06,JELLY POLLY FOOD INDUSTRIES -TRANSFER FU ND,PBE26060,,1500.00,110343.28,DR,2,inter-company transfer to Jelly Polly
BANK_PBB,2,41,05/06/2026,T050626,INV/NO : 015335/JOJO,T050626,305.00,,110648.28,DR,3,
BANK_PBB,2,42,05/06/2026,T050626-1,INV/NO : 025843/KLIAS,T050626-,23462.05,,134110.33,DR,4,cheque column truncated at hyphen (T050626-) for suffixed T refs
BANK_PBB,2,43,05/06/2026,T050626-2,INV/NO : 015350/JOM,T050626-,357.00,,134467.33,DR,5,
BANK_PBB,2,44,05/06/2026,TF050626,INV/NO : 63868/63888/DEJAYA,TF050626,2998.80,,137466.13,DR,6,
BANK_PBB,2,45,05/06/2026,TJ050626,INV/NO : 004697/JP,TJ050626,594.10,,138060.23,DR,7,TJ prefix = Jelly Polly invoice receipt (invoice 004697/JP) landing in TH bank
BANK_PBB,2,46,06/06/2026,PBE010/06,LOAN PYMT 6TH INSTALLMENT OF PERODUA ATI VA QCV920),PBE26060,,2000.00,136060.23,DR,1,
BANK_PBB,2,47,06/06/2026,PBE011/06,TOYOTA CAPITAL (M) S/B -DRAWING WORKERS LEBERI@ FRANCIS AC#2000104315401-SK679D,PBE26060,,972.00,135088.23,DR,2,
BANK_PBB,2,48,06/06/2026,PBE012/06,MULTI-BEST TRADING S/B,PBE26060,,1872.00,133216.23,DR,3,
BANK_PBB,2,49,06/06/2026,PIB439770,INV/NO : 34530/ZENITH,439770,2088.00,,135304.23,DR,4,external-bank cheque receipt; journal = bank prefix PIB + cheque no; cheque column bare number
BANK_PBB,2,50,06/06/2026,RHB022790,INV/NO : 63801/63844/SD,022790,9604.90,,144909.13,DR,5,RHB cheque settling two invoices
BANK_PBB,2,51,06/06/2026,T060626,INV/NO : 015351/SEGARRAYA,T060626,2700.00,,147609.13,DR,6,
BANK_PBB,2,52,06/06/2026,TF060626,INV/NO : 63745/63803/C-CARE(1),TF060626,5220.00,,152829.13,DR,7,AGGREGATED bank debit 5220.00 = 1080.00 + 4140.00 itemized in C-CARE(1) debtor ledger
BANK_PBB,2,53,06/06/2026,TF060626-1,INV/NO : 63793/C-CARE(3),TF060626,2430.00,,155259.13,DR,8,
BANK_PBB,2,54,06/06/2026,TR060626,INV/NO : 2004818/C-CARE(9),TR060626,2921.40,,158180.53,DR,9,
BANK_PBB,2,55,06/06/2026,TR060626-1,INV/NO : 2004805/2004843/C-CARE(2),TR060626,6930.00,,165110.53,DR,10,
BANK_PBB,2,56,06/06/2026,TR060626-2,INV/NO : 2004815/C-CARE(7),TR060626,4860.00,,169970.53,DR,11,
BANK_PBB,2,57,06/06/2026,TT060626,INV/NO : 34946/POOI,TT060626,795.00,,170765.53,DR,12,
BANK_PBB,2,58,06/06/2026,TT060626-1,INV/NO : 34829/C-CARE(5),TT060626,1710.00,,172475.53,DR,13,
BANK_PBB,2,59,06/06/2026,TT060626-2,INV/NO : 34841/C-CARE(4),TT060626,2055.50,,174531.03,DR,14,
BANK_PBB,2,60,07/06/2026,TF070626,INV/NO : 63814/63849/LILI,TF070626,1381.00,,175912.03,DR,1,
BANK_PBB,2,61,07/06/2026,TF070626-1,INV/NO : 63764/TONG,TF070626,1235.00,,177147.03,DR,2,
BANK_PBB,2,62,07/06/2026,TR070626,INV/NO : 2004893/AA-T,TR070626,1899.90,,179046.93,DR,3,
BANK_PBB,2,63,08/06/2026,PBE013/06,SABAH ELECTRICITY S/B,PBE26060,,4818.90,174228.03,DR,1,
BANK_PBB,2,64,08/06/2026,PBE014/06,SABAH ELECTRICITY S/B,PBE26060,,1852.95,172375.08,DR,2,date obscured by hole punch; day inferred 08
BANK_PBB,2,65,08/06/2026,PBE015/06,SABAH ELECTRICITY S/B,PBE26060,,2224.75,170150.33,DR,3,
BANK_PBB,2,66,08/06/2026,PBE016/06,SABAH ELECTRICITY S/B,PBE26060,,781.00,169369.33,DR,4,
BANK_PBB,2,67,08/06/2026,PBE017/06,SABAH ELECTRICITY S/B,PBE26060,,2431.50,166937.83,DR,5,
BANK_PBB,2,68,08/06/2026,PBE018/06,SABAH ELECTRICITY S/B,PBE26060,,3179.20,163758.63,DR,6,
BANK_PBB,2,69,08/06/2026,PBE019/06,SABAH ELECTRICITY S/B,PBE26060,,325.80,163432.83,DR,7,
BANK_PBB,2,70,08/06/2026,PBE020/06,LAHAD DATU FLOUR MILL S/B,PBE26060,,25400.00,138032.83,DR,8,
BANK_PBB,2,71,08/06/2026,PBE021/06,TECHWELD ENTERPRISE,PBE26060,,550.00,137482.83,DR,9,
BANK_PBB,2,72,08/06/2026,PBE022/06,PUNCAK NIAGA,PBE26060,,13500.00,123982.83,DR,10,
BANK_PBB,2,73,08/06/2026,PBE023/06,MATNI @ AZMAN BIN LAIMAN - SALARY 05/202 6,PBE26060,,177.00,123805.83,DR,11,wraps mid-word (05/202 6)
BANK_PBB,2,74,08/06/2026,T080626,INV/NO : 024923/GL,T080626,4725.00,,128530.83,DR,12,
BANK_PBB,2,75,08/06/2026,T080626-1,INV/NO : 015356/SHIM,T080626-,45.80,,128576.63,DR,13,
BANK_PBB,2,76,08/06/2026,T080626-2,INV/NO : 015352/MASHTIWYA,T080626-,46.40,,128623.03,DR,14,
BANK_PBB,2,77,08/06/2026,TS080626,INV/NO : 022276/GEORGINA,,72.00,,128695.03,DR,15,TS prefix; NO cheque value printed
BANK_PBB,3,78,08/06/2026,TT080626,INV/NO : 34855/LKS,TT080626,2904.00,,131599.03,DR,16,
BANK_PBB,3,79,08/06/2026,TT080626-1,INV/NO : 34948/KEDAI NO.1,TT080626,556.50,,132155.53,DR,17,
BANK_PBB,3,80,09/06/2026,RV010/06,SALES 06/06/2026,,1200.00,,133355.53,DR,1,
BANK_PBB,3,81,09/06/2026,RV011/06,SALES 08/06/2026,,1400.00,,134755.53,DR,2,
BANK_PBB,3,82,09/06/2026,TF090626,INV/NO : 63850/63851/TONG,TF090626,1607.00,,136362.53,DR,3,
BANK_PBB,3,83,09/06/2026,TF090626-1,INV/NO : 63760/63846/NEW FRESHMART,TF090626,2285.00,,138647.53,DR,4,
BANK_PBB,3,84,09/06/2026,TF090626-2,INV/NO : 63913/ONESTOP,TF090626,870.00,,139517.53,DR,5,
BANK_PBB,3,85,09/06/2026,TR090626,INV/NO : 2004892/KIM(1),TR090626,3431.00,,142948.53,DR,6,
BANK_PBB,3,86,09/06/2026,TT090626,INV/NO : 34922/HOCKSENG,TT090626,1505.00,,144453.53,DR,7,date obscured by hole punch; day inferred 09
BANK_PBB,3,87,10/06/2026,PBE024/06,TECHWELD ENTERPRISE,PBE26061,,1230.00,143223.53,DR,1,cheque batch ref rolls PBE26060 -> PBE26061
BANK_PBB,3,88,10/06/2026,PV001/06,AMOUNT DUE TO DIRECTOR WSF,PB350778,,8139.00,135084.53,DR,2,PV = physical cheque voucher; cheque column real cheque no PB350778 (ERP journal_entries.cheque_no seed is PBB350779 = PV002 next)
BANK_PBB,3,89,10/06/2026,PV002/06,CLAIM BILLS/DRAWING WORKERS/SALARY WORKE RS(05/2026)/INCENTIVES WORKERS/ANNUAL LE AVE WORKERS (06/2026),PB350779,,17462.00,117622.53,DR,3,cheque PB350779 matches ERP cheque_no seed PBB350779 (prefix printed PB not PBB)
BANK_PBB,3,90,10/06/2026,PV003/06,CLAIM BILLS/DRAWING WORKERS & SALARY WOR KERS (06/2026),PB350780,,10258.65,107363.88,DR,4,
BANK_PBB,3,91,10/06/2026,PV004/06,TAOBAO-YOU FENG ZHOU CHENG #511302103461 7030433-30/04/2026 9SEAL 50X72X8X10),PB350781,,8740.25,98623.63,DR,5,
BANK_PBB,3,92,10/06/2026,RV012/06,SALES 19/05/2026,,4311.00,,102934.63,DR,6,RV012-020 bank May-dated source pools
BANK_PBB,3,93,10/06/2026,RV013/06,SALES 20/05/2026,,395.60,,103330.23,DR,7,
BANK_PBB,3,94,10/06/2026,RV014/06,SALES 21/05/2026,,4980.50,,108310.73,DR,8,
BANK_PBB,3,95,10/06/2026,RV015/06,SALES 22/05/2026,,2722.00,,111032.73,DR,9,
BANK_PBB,3,96,10/06/2026,RV016/06,SALES 23/05/2026,,3983.90,,115016.63,DR,10,
BANK_PBB,3,97,10/06/2026,RV017/06,SALES 25/05/2026,,2148.50,,117165.13,DR,11,
BANK_PBB,3,98,10/06/2026,RV018/06,SALES 26/05/2026,,4014.00,,121179.13,DR,12,
BANK_PBB,3,99,10/06/2026,RV019/06,SALES 28/05/2026,,715.00,,121894.13,DR,13,
BANK_PBB,3,100,10/06/2026,RV020/06,SALES 29/05/2026,,374.00,,122268.13,DR,14,
BANK_PBB,3,101,10/06/2026,RV021/06,FROM DRAWING WORKERS,,3054.90,,125323.03,DR,15,RV021 = non-sales receipt (drawing workers) — explains absence from CH_REV1/CH_REV2; confirms shared RV sequence across receipt types (plan rule 3)
BANK_PBB,3,102,10/06/2026,RV022/06,FROM DRAWING WORKERS,,1750.00,,127073.03,DR,16,RV022 = non-sales receipt; date obscured by hole punch; day inferred 10
BANK_PBB,3,103,10/06/2026,RV023/06,INV/NO : 34869/34891/TEO,,1060.00,,128133.03,DR,17,bank side of CH_REV2 RV023/06 credit (two invoices one customer)
BANK_PBB,3,104,10/06/2026,RV024/06,SALES 04/06/2026,,3367.60,,131500.63,DR,18,remainder of 04/06 pool: RV024+RV025 = 4467.60
BANK_PBB,3,105,10/06/2026,RV025/06,SALES 04/06/2026,,1100.00,,132600.63,DR,19,
BANK_PBB,3,106,10/06/2026,RV026/06,SALES 05/06/2026,,11826.70,,144427.33,DR,20,
BANK_PBB,3,107,10/06/2026,RV027/06,SALES 06/06/2026,,5933.85,,150361.18,DR,21,
BANK_PBB,3,108,10/06/2026,RV028/06,SALES 10/06/2026,,7600.00,,157961.18,DR,22,RV028 (10/06) precedes RV029 (09/06 source) — RV order is issuance order not source-date order
BANK_PBB,3,109,10/06/2026,RV029/06,SALES 09/06/2026,,2500.00,,160461.18,DR,23,
BANK_PBB,3,110,10/06/2026,RV030/06,SALES 10/06/2026,,4400.00,,164861.18,DR,24,
BANK_PBB,3,111,10/06/2026,TF100626,INV/NO : 63915/AA,TF100626,1710.00,,166571.18,DR,25,
BANK_PBB,3,112,10/06/2026,TF100626-1,INV/NO : 63571/IMBASJAYA,TF100626,2565.00,,169136.18,DR,26,
BANK_PBB,3,113,11/06/2026,ALB001088,INV/NO : 63702/MORE,001088,20668.60,,189804.78,DR,1,ALB (Alliance Bank) external cheque
BANK_PBB,3,114,11/06/2026,PBE032/06,JBT.AIR NEGERI SABAH,PBE26061,,148.00,189656.78,DR,2,PBE032 posts 11/06 BEFORE PBE025-031 (12/06) — PBE numbering not strictly date-ordered
BANK_PBB,3,115,11/06/2026,TR110626,INV/NO : 2004910/GUANHING,TR110626,595.00,,190251.78,DR,3,
BANK_PBB,4,116,12/06/2026,PBE025/06,K.W.S.P-EPF(06/2026),PBE26061,,33101.00,157150.78,DR,1,
BANK_PBB,4,117,12/06/2026,PBE026/06,K.W.S.P -EPF(06/2026),PBE26061,,382.00,156768.78,DR,2,
BANK_PBB,4,118,12/06/2026,PBE027/06,LHDN-PCB(05/2026),PBE26061,,1801.50,154967.28,DR,3,
BANK_PBB,4,119,12/06/2026,PBE028/06,PERKESO-SOCSO(05/2026),PBE26061,,3448.90,151518.38,DR,4,
BANK_PBB,4,120,12/06/2026,PBE029/06,PERKESO-SIP(05/2026),PBE26061,,494.60,151023.78,DR,5,
BANK_PBB,4,121,12/06/2026,PBE030/06,LHDN-TAKSIRAN 2026/ANSURAN #5/TAX #C2163 648205(0)),PBE26061,,11823.00,139200.78,DR,6,
BANK_PBB,4,122,12/06/2026,PBE031/06,PEMBANGGUNAN SUMBER MANUSIA BERHAD - LEV I SEMASA(05/2026),PBE26061,,1297.96,137902.82,DR,7,date obscured by hole punch; day inferred 12
BANK_PBB,4,123,12/06/2026,PBE033/06,TOKIO MARINE INSURANS (M) S/B,PBE26061,,416.43,137486.39,DR,8,
BANK_PBB,4,124,12/06/2026,PBE034/06,STRIKER ELECTRIC (SABAH) S/B,PBE26061,,1464.00,136022.39,DR,9,
BANK_PBB,4,125,12/06/2026,PBE035/06,STRIKER ELECTRIC (SABAH) S/B,PBE26061,,960.00,135062.39,DR,10,
BANK_PBB,4,126,12/06/2026,RV031/06,SALES 11/06/2026,,4000.00,,139062.39,DR,11,
BANK_PBB,4,127,12/06/2026,RV032/06,SALES 12/06/2026,,4700.00,,143762.39,DR,12,
BANK_PBB,4,128,12/06/2026,TF120626,INV/NO : 63882/RAMAI,TF120626,2259.00,,146021.39,DR,13,
BANK_PBB,4,129,12/06/2026,TS120626,INV/NO : 022287/CYRIL-A,,280.00,,146301.39,DR,14,TS prefix; NO cheque value printed
BANK_PBB,4,130,13/06/2026,PBE036/06,NITSEI SAGO INDUSTRIES S/B,PBE26061,,30000.00,116301.39,DR,1,
BANK_PBB,4,131,13/06/2026,T130626,INV/NO : 015362/MASHTIWYA,T130626,24.10,,116325.49,DR,2,
BANK_PBB,4,132,15/06/2026,PBB023159,INV/NO : 63884/YONGMAJU,023159,1392.00,,117717.49,DR,1,PBB-prefixed external cheque receipt (customer's PBB cheque)
BANK_PBB,4,133,15/06/2026,PBE037/06,JOHOR BAHRU FLOUR MILL S/B,PBE26061,,14700.00,103017.49,DR,2,
BANK_PBB,4,134,15/06/2026,PBE038/06,MATNI @ AZMAN BIN LAIMAN -SALARY 06/2026),PBE26061,,350.00,102667.49,DR,3,
BANK_PBB,4,135,15/06/2026,PBE039/06,PBB-HALF MONTH SALARY STAFFS/WORKERS(06/ 2026),PBE26061,,23900.00,78767.49,DR,4,
BANK_PBB,4,136,15/06/2026,PBE040/06,K.K AUTOMATIC,PBE26061,,381.00,78386.49,DR,5,
BANK_PBB,4,137,15/06/2026,PBE041/06,PUNCAK NIAGA,PBE26061,,54000.00,24386.49,DR,6,
BANK_PBB,4,138,15/06/2026,RV033/06,SALES 11/06/2026,,1600.00,,25986.49,DR,7,
BANK_PBB,4,139,15/06/2026,T150626,INV/NO : 024049/YEW,T150626,10290.00,,36276.49,DR,8,date obscured by hole punch; day inferred 15
BANK_PBB,4,140,15/06/2026,TF150626,INV/NO : 63776/RED,TF150626,855.00,,37131.49,DR,9,
BANK_PBB,4,141,15/06/2026,TF150626-1,INV/NO : 63889/LILI,TF150626,1903.00,,39034.49,DR,10,
BANK_PBB,4,142,15/06/2026,TF150626-2,INV/NO : 63933/UTEA,TF150626,342.00,,39376.49,DR,11,
BANK_PBB,4,143,15/06/2026,TR150626,INV/NO : 2004922/NORHASSAN,TR150626,1230.00,,40606.49,DR,12,
BANK_PBB,4,144,15/06/2026,TT150626,INV/NO : 34798/RS THOYYIBAN-PTN,TT150626,943.00,,41549.49,DR,13,
BANK_PBB,4,145,18/06/2026,PBE042/06,JOHOR BAHRU FLOUR MILL S/B,PBE26061,,9800.00,31749.49,DR,1,
BANK_PBB,4,146,18/06/2026,PBE043/06,BORNEO FLEXIBLE PACKAGING S/B,PBE26061,,7427.64,24321.85,DR,2,
BANK_PBB,4,147,18/06/2026,PBE044/06,UNIANG PLASTIC INDUSTRIES S/B,PBE26061,,4809.75,19512.10,DR,3,
BANK_PBB,4,148,18/06/2026,PBE045/06,KOZAI (SABAH) S/B,PBE26061,,31.10,19481.00,DR,4,
BANK_PBB,4,149,18/06/2026,PBE046/06,HOMCO MARKETING,PBE26061,,17280.00,2201.00,DR,5,monthly low point 2201.00 DR
BANK_PBB,4,150,18/06/2026,RV034/06,SALES 10/06/2026,,900.00,,3101.00,DR,6,
BANK_PBB,4,151,18/06/2026,RV035/06,SALES 18/06/2026,,8600.00,,11701.00,DR,7,
BANK_PBB,4,152,18/06/2026,TF180626,INV/NO : 63943/ENTHIEN,TF180626,1338.00,,13039.00,DR,8,
BANK_PBB,4,153,18/06/2026,TF180626-1,INV/NO : 63960/KONGHWA,TF180626,1044.00,,14083.00,DR,9,
BANK_PBB,5,154,18/06/2026,TF180626-2,INV/NO : 63961/HIDAYAH,TF180626,1316.70,,15399.70,DR,10,
BANK_PBB,5,155,18/06/2026,TR180626,INV/NO : 2004919/HONGSENG,TR180626,900.00,,16299.70,DR,11,
BANK_PBB,5,156,18/06/2026,TT180626,INV/NO : 34731/JABEZ-RK,TT180626,431.00,,16730.70,DR,12,
BANK_PBB,5,157,18/06/2026,TT180626-1,INV/NO : 34985/SKY,TT180626,1325.00,,18055.70,DR,13,
BANK_PBB,5,158,19/06/2026,RV036/06,SALES 16/06/2026,,5900.00,,23955.70,DR,1,
BANK_PBB,5,159,19/06/2026,RV037/06,SALES 18/06/2026,,3500.00,,27455.70,DR,2,
BANK_PBB,5,160,19/06/2026,RV038/06,SALES 19/06/2026,,2400.00,,29855.70,DR,3,
BANK_PBB,5,161,19/06/2026,T190626,INV/NO : 015366/ANTHONY-W,T190626,211.00,,30066.70,DR,4,
BANK_PBB,5,162,19/06/2026,TF190626,INV/NO : 63973/KEISHA,TF190626,1044.00,,31110.70,DR,5,date obscured by hole punch; day inferred 19
BANK_PBB,5,163,19/06/2026,TF190626-1,INV/NO : 63969/METRO,TF190626,870.00,,31980.70,DR,6,
BANK_PBB,5,164,19/06/2026,TF190626-3,INV/NO : 63843/C-CARE(1),TF190626,1575.00,,33555.70,DR,7,suffix -2 SKIPPED in bank statement (no TF190626-2 row); -3 matches C-CARE(1) ledger journal TF190626-3
BANK_PBB,5,165,19/06/2026,TR190626,INV/NO : 2004869/C-CARE(9),TR190626,1080.00,,34635.70,DR,8,
BANK_PBB,5,166,19/06/2026,TR190626-1,INV/NO : 2004868/C-CARE(7),TR190626,5968.00,,40603.70,DR,9,
BANK_PBB,5,167,19/06/2026,TR190626-2,INV/NO : 63842/C-CARE(3),TR190626,3739.50,,44343.20,DR,10,TR-prefixed ref settling a 63xxx (TF-series) invoice — prefix reflects transfer channel not invoice series
BANK_PBB,5,168,19/06/2026,TT190626,INV/NO : 34988/POOI,TT190626,583.00,,44926.20,DR,11,
BANK_PBB,5,169,19/06/2026,TT190626-1,INV/NO : 34899/C-CARE(4),TT190626,2299.50,,47225.70,DR,12,
BANK_PBB,5,170,19/06/2026,TT190626-2,INV/NO : 34915/C-CARE(6),TT190626,2430.00,,49655.70,DR,13,
BANK_PBB,5,171,19/06/2026,TT190626-3,INV/NO : 34879/34920/C-CARE(5),TT190626,6372.00,,56027.70,DR,14,
BANK_PBB,5,172,20/06/2026,PBE047/06,NITSEI SAGO INDUSTRIES S/B,PBE26062,,15000.00,41027.70,DR,1,cheque batch ref rolls to PBE26062
BANK_PBB,5,173,20/06/2026,PBE048/06,KESIGUI HARDWARE & TIMBER S/B,PBE26062,,690.00,40337.70,DR,2,
BANK_PBB,5,174,20/06/2026,RV039/06,SALES 18/06/2026,,3000.00,,43337.70,DR,3,
BANK_PBB,5,175,20/06/2026,RV040/06,SALES 19/06/2026,,4450.00,,47787.70,DR,4,
BANK_PBB,5,176,20/06/2026,RV041/06,SALES 20/06/2026,,3550.00,,51337.70,DR,5,
BANK_PBB,5,177,20/06/2026,T200626,INV/NO : 025844/KLIAS,T200626,23251.70,,74589.40,DR,6,
BANK_PBB,5,178,20/06/2026,T200626-1,INV/NO : 015367/TONY,T200626-,23.40,,74612.80,DR,7,
BANK_PBB,5,179,20/06/2026,TR200626,INV/NO : 2004932/SUNRISE-KB,TR200626,494.00,,75106.80,DR,8,
BANK_PBB,5,180,20/06/2026,TT200626,INV/NO : 34992/KEDAI NO.1,TT200626,530.00,,75636.80,DR,9,
BANK_PBB,5,181,20/06/2026,TT200626-1,INV/NO : 34991/KASIGUI-KPT,TT200626,265.00,,75901.80,DR,10,date obscured by hole punch; day inferred 20
BANK_PBB,5,182,22/06/2026,MBB000750,INV/NO : 34722/LAI,000750,2183.50,,78085.30,DR,1,MBB (Maybank) external cheque
BANK_PBB,5,183,22/06/2026,MBB932037-J,INV/NO : 63574/63649/TETAPJAYA(M),932037-J,15128.40,,93213.70,DR,2,same physical cheque 932037 split across customer accounts with letter suffixes
BANK_PBB,5,184,22/06/2026,MBB932037-P,INV/NO : 34680/34768/TETAPJAYA(I),932037-P,1983.60,,95197.30,DR,3,
BANK_PBB,5,185,22/06/2026,MBB932037-P,INV/NO : 34709/TETAPJAYA(N),932037-P,769.50,,95966.80,DR,4,journal ref MBB932037-P DUPLICATED on two rows (different customers) — journal refs not unique in legacy
BANK_PBB,5,186,22/06/2026,PBB152961,INV/NO : 2004879/SHAJAHAN,152961,2460.00,,98426.80,DR,5,
BANK_PBB,5,187,22/06/2026,PBE049/06,PUNCAK NIAGA,PBE26062,,40500.00,57926.80,DR,6,
BANK_PBB,5,188,22/06/2026,RV042/06,SALES 20/06/2026,,1400.00,,59326.80,DR,7,
BANK_PBB,5,189,22/06/2026,TF220626,INV/NO : 63894/KING,TF220626,692.00,,60018.80,DR,8,
BANK_PBB,5,190,22/06/2026,TF220626-1,INV/NO : 63981/DEJAVA,TF220626,864.00,,60882.80,DR,9,customer printed DEJAVA here vs DEJAYA elsewhere (as printed)
BANK_PBB,5,191,22/06/2026,TF220626-2,INV/NO : 63573/63660/WHOLESALE,TF220626,3951.00,,64833.80,DR,10,
BANK_PBB,5,192,22/06/2026,TR220626,INV/NO : 2004827/SENANG,TR220626,870.00,,65703.80,DR,11,
BANK_PBB,5,193,22/06/2026,TT220626,INV/NO : 34996/24JAM,TT220626,696.00,,66399.80,DR,12,
BANK_PBB,5,194,23/06/2026,PBE050/06,KK BEARING S/B,PBE26062,,260.00,66139.80,DR,1,
BANK_PBB,5,195,23/06/2026,PBE051/06,KK RICE VERMICELLI S/B,PBE26062,,32580.00,33559.80,DR,2,
BANK_PBB,6,196,23/06/2026,PIB437391,INV/NO : 63592/63685/TSEN,437391,2142.50,,35702.30,DR,3,
BANK_PBB,6,197,23/06/2026,PV005/06,AMOUNT DUE TO DIRECTOR -WSF,PB350782,,3231.05,32471.25,DR,4,
BANK_PBB,6,198,23/06/2026,PV006/06,CLAIM BILLS/DRAWING WORKERS/SALARY WORKE RS (06/2026),PB350783,,8503.80,23967.45,DR,5,
BANK_PBB,6,199,23/06/2026,PV007/06,CLAIM BILLS/INCENTIVES & ANNUAL LEAVE WO RKERS (06/2026),PB350784,,9163.45,14804.00,DR,6,
BANK_PBB,6,200,23/06/2026,RV043/06,SALES 18/06/2026,,700.00,,15504.00,DR,7,
BANK_PBB,6,201,23/06/2026,RV044/06,SALES 22/06/2026,,5000.00,,20504.00,DR,8,date obscured by hole punch; day inferred 23
BANK_PBB,6,202,23/06/2026,RV045/06,SALES 22/06/2026,,6000.00,,26504.00,DR,9,
BANK_PBB,6,203,23/06/2026,RV046/06,SALES 23/06/2026,,5000.00,,31504.00,DR,10,
BANK_PBB,6,204,23/06/2026,TF230626,INV/NO : 63977/WILLY,TF230626,365.00,,31869.00,DR,11,
BANK_PBB,6,205,23/06/2026,TF230626-1,INV/NO : 63726/63769/63821/63855/YONGSON S,TF230626,5208.00,,37077.00,DR,12,ONE transfer settling FOUR invoices; customer wraps mid-word (YONGSON S = YONGSONS)
BANK_PBB,6,206,24/06/2026,ALB000106,INV/NO : 63229/63401/SS WHOLESALE,000106,2070.00,,39147.00,DR,1,
BANK_PBB,6,207,24/06/2026,PBE052/06,KEJURUTERAAN STIMDANG S/B,PBE26062,,900.00,38247.00,DR,2,
BANK_PBB,6,208,24/06/2026,PBE053/06,TAOBAO-GI NET,PBE26062,,5227.52,33019.48,DR,3,
BANK_PBB,6,209,24/06/2026,RV047/06,SALES 09/05/2026,,4445.50,,37464.98,DR,4,May source pool banked late-June
BANK_PBB,6,210,24/06/2026,RV048/06,FROM DRAWING WORKERS,,1500.00,,38964.98,DR,5,RV048 = non-sales receipt — explains absence from cash ledgers (plan rule 3)
BANK_PBB,6,211,24/06/2026,RV049/06,INV/NO : 34923/TEO,,795.00,,39759.98,DR,6,bank side of CH_REV2 RV049/06
BANK_PBB,6,212,24/06/2026,RV050/06,INV/NO : 63825/CITY,,1710.00,,41469.98,DR,7,
BANK_PBB,6,213,24/06/2026,RV051/06,INV/NO : 34945/TEO,,795.00,,42264.98,DR,8,
BANK_PBB,6,214,24/06/2026,RV052/06,INV/NO : 34908/TEO,,530.00,,42794.98,DR,9,mixed-customer RV052/06 SPLIT into two bank rows by customer (530.00 TEO + 52.80 ROSE = 582.80 single CH_REV2 credit)
BANK_PBB,6,215,24/06/2026,RV052/06,INV/NO :015333/015337/015346/ROSE,,52.80,,42847.78,DR,10,second RV052/06 row; journal ref repeats; three ROSE cash bills
BANK_PBB,6,216,24/06/2026,RV053/06,INV/NO : 63740/YEEBEE,,1590.00,,44437.78,DR,11,
BANK_PBB,6,217,24/06/2026,RV054/06,SALES 06/06/2026,,2408.75,,46846.53,DR,12,
BANK_PBB,6,218,24/06/2026,RV055/06,SALES 08/06/2026,,9145.70,,55992.23,DR,13,
BANK_PBB,6,219,24/06/2026,RV056/06,SALES 10/06/2026,,717.60,,56709.83,DR,14,
BANK_PBB,6,220,24/06/2026,RV057/06,SALES 16/06/2026,,780.10,,57489.93,DR,15,date obscured by hole punch; day inferred 24
BANK_PBB,6,221,24/06/2026,RV058/06,SALES 18/06/2026,,709.90,,58199.83,DR,16,
BANK_PBB,6,222,24/06/2026,RV059/06,SALES 19/06/2026,,834.20,,59034.03,DR,17,
BANK_PBB,6,223,24/06/2026,RV060/06,SALES 20/06/2026,,2814.10,,61848.13,DR,18,
BANK_PBB,6,224,24/06/2026,TR240626,INV/NO : 2004947/KOPI 148,TR240626,330.00,,62178.13,DR,19,
BANK_PBB,6,225,24/06/2026,TT240626,INV/NO : 35011/POOI,TT240626,795.00,,62973.13,DR,20,
BANK_PBB,6,226,25/06/2026,PBE054/06,PAUMIN HARDWARE S/B,PBE26062,,709.00,62264.13,DR,1,
BANK_PBB,6,227,25/06/2026,PBE055/06,"KELAB KEBAJIKAN, SUKAN DAN REKREASI JBT. ALAM SEKITAR NEGERI SABAH",PBE26062,,1000.00,61264.13,DR,2,
BANK_PBB,6,228,25/06/2026,RV061/06,SALES 24/06/2026,,5000.00,,66264.13,DR,3,
BANK_PBB,6,229,25/06/2026,T250626,INV/NO : 015370/WONG-YS,T250626,247.50,,66511.63,DR,4,
BANK_PBB,6,230,25/06/2026,T250626-1,INV/NO : 015371/CRAFS,T250626-,330.00,,66841.63,DR,5,
BANK_PBB,6,231,26/06/2026,PBE056/06,TF OF MBB LOAN 460184752269-GTH HSE #36 & 36460184752252-WSF HSE#44,PBE26062,,6000.00,60841.63,DR,1,
BANK_PBB,6,232,26/06/2026,PBE057/06,AFFIN BANK BERHAD -LOAN PYMT 52TH INSTAL LMENT OF SD1016T,PBE26062,,2684.00,58157.63,DR,2,
BANK_PBB,7,233,26/06/2026,PBE058/06,GREEN TARGET WASTE TREATMENT IND S/B,PBE26062,,3887.80,54269.83,DR,3,inter-company payment to Green Target
BANK_PBB,7,234,26/06/2026,PBE059/06,UNIANG PLASTIC INDUSTRIES (SABAH) S/B,PBE26062,,9881.85,44387.98,DR,4,
BANK_PBB,7,235,26/06/2026,RV062/06,SALES 22/06/2026,,1000.00,,45387.98,DR,5,
BANK_PBB,7,236,26/06/2026,RV063/06,SALES 25/06/2026,,2600.00,,47987.98,DR,6,
BANK_PBB,7,237,26/06/2026,RV064/06,SALES 26/06/2026,,5850.00,,53837.98,DR,7,
BANK_PBB,7,238,26/06/2026,RV065/06,SALES 26/06/2026,,50.00,,53887.98,DR,8,
BANK_PBB,7,239,26/06/2026,TF260626,INV/NO : 63928/63987/LILI,TF260626,2798.00,,56685.98,DR,9,
BANK_PBB,7,240,26/06/2026,TR260626,INV/NO : 2004951/AA-T,TR260626,2430.00,,59115.98,DR,10,date obscured by hole punch; day inferred 26
BANK_PBB,7,241,26/06/2026,TT260626,INV/NO : 34898/HAPHUAT,TT260626,4200.00,,63315.98,DR,11,
BANK_PBB,7,242,26/06/2026,TT260626-1,INV/NO : 35028/PINA ENT,TT260626,292.00,,63607.98,DR,12,
BANK_PBB,7,243,27/06/2026,PBE060/06,SUNRISE INTOP S/B,PBE26062,,630.00,62977.98,DR,1,
BANK_PBB,7,244,27/06/2026,T270626,INV/NO : 015326/TYSTAR,T270626,4920.00,,67897.98,DR,2,
BANK_PBB,7,245,27/06/2026,TF270626,INV/NO : 64018/J&S,TF270626,756.00,,68653.98,DR,3,
BANK_PBB,7,246,27/06/2026,TT270626,INV/NO : 35031/HOCKSENG,TT270626,530.00,,69183.98,DR,4,
BANK_PBB,7,247,27/06/2026,TT270626-1,INV/NO : 34875/34909/34947/SEGARRAYA,TT270626,39721.39,,108905.37,DR,5,largest single debit of month; three invoices
BANK_PBB,7,248,28/06/2026,RV066/06,SALES 23/06/2026,,600.00,,109505.37,DR,1,
BANK_PBB,7,249,28/06/2026,RV067/06,SALES 25/06/2026,,3000.00,,112505.37,DR,2,
BANK_PBB,7,250,28/06/2026,RV068/06,SALES 27/06/2026,,3500.00,,116005.37,DR,3,
BANK_PBB,7,251,28/06/2026,TT280626,INV/NO : 34989/SEGARRAYA,TT280626,15239.00,,131244.37,DR,4,
BANK_PBB,7,252,29/06/2026,MIB000757,INV/NO : 34777/LAI,000757,2735.60,,133979.97,DR,1,MIB (Maybank Islamic) external cheque
BANK_PBB,7,253,29/06/2026,PBB678670,INV/NO : 2004884/2004913/2004939/GUI,678670,27242.00,,161221.97,DR,2,same physical cheque 678670 split across 4 GUI customer accounts via numeric suffixes
BANK_PBB,7,254,29/06/2026,PBB678670-1,INV/NO : 2004888/2004944/GUI(2),678670-1,10999.00,,172220.97,DR,3,
BANK_PBB,7,255,29/06/2026,PBB678670-2,INV/NO : 2004921/GUI(3),678670-2,8248.00,,180468.97,DR,4,
BANK_PBB,7,256,29/06/2026,PBB678670-3,INV/NO : 2004887/2004904/2004930/GUI(5),678670-3,16054.40,,196523.37,DR,5,
BANK_PBB,7,257,29/06/2026,RV069/06,SALES 27/06/2026,,600.00,,197123.37,DR,6,
BANK_PBB,7,258,29/06/2026,RV070/06,SALES 29/06/2026,,7000.00,,204123.37,DR,7,
BANK_PBB,7,259,29/06/2026,T290626,INV/NO : 025845/KLIAS,T290626,22949.90,,227073.27,DR,8,
BANK_PBB,7,260,30/06/2026,JV26/06/09,BANK CHARGES MONTH OF JUNE 2026,,,17.00,227056.27,DR,1,JV seq jumps 02 -> 09 (JV03-08 posted in other ledgers; not bank-touching)
BANK_PBB,7,261,30/06/2026,MIB292525,INV/NO : 63556/63713/METRO,292525,5171.80,,232228.07,DR,2,
BANK_PBB,7,262,30/06/2026,PBE061/06,NITSEI SAGO INDUSTRIES S/B,PBE26063,,30000.00,202228.07,DR,3,cheque batch ref rolls to PBE26063
BANK_PBB,7,263,30/06/2026,PV008/06,CLAIM BILLS/DRAWING WORKERS/SALARY WORKE RS (06/2026),PB350785,,11764.40,190463.67,DR,4,amount digits smudged; 11764.40 resolved by balance arithmetic
BANK_PBB,7,264,30/06/2026,RV071/06,SALES 11/06/2026,,4700.80,,195164.47,DR,5,
BANK_PBB,7,265,30/06/2026,RV072/06,SALES 12/06/2026,,2467.60,,197632.07,DR,6,
BANK_PBB,7,266,30/06/2026,RV073/06,INV/NO : 34993/TEO,,530.00,,198162.07,DR,7,bank side of CH_REV2 RV073/06
BANK_PBB,7,267,30/06/2026,RV074/06,INV/NO :63468/KELUARGA,,870.00,,199032.07,DR,8,mixed-customer RV074/06 SPLIT into two bank rows by customer (870.00 + 212.40 = 1082.40 single CH_REV2 credit)
BANK_PBB,7,268,30/06/2026,RV074/06,INV/NO :63771/PUBLIC,,212.40,,199244.47,DR,9,second RV074/06 row; journal ref repeats
BANK_PBB,7,269,30/06/2026,RV075/06,SALES 22/06/2026,,1094.20,,200338.67,DR,10,
BANK_PBB,7,270,30/06/2026,RV076/06,SALES 23/06/2026,,258.80,,200597.47,DR,11,
BANK_PBB,7,271,30/06/2026,RV077/06,SALES 24/06/2026,,555.00,,201152.47,DR,12,
BANK_PBB,7,272,30/06/2026,RV078/06,SALES 27/06/2026,,700.00,,201852.47,DR,13,
BANK_PBB,7,273,30/06/2026,RV079/06,SALES 29/06/2026,,700.00,,202552.47,DR,14,
BANK_PBB,8,274,30/06/2026,RV080/06,SALES 30/06/2026,,3000.00,,205552.47,DR,15,same-day banking (source 30/06 banked 30/06)
BANK_PBB,8,275,30/06/2026,RV081/06,SALES 30/06/2026,,3600.00,,209152.47,DR,16,
BANK_PBB,8,276,30/06/2026,RV082/06,REFUND TERMINATION OF CTOS DATA SYSTEM-C PIGMY80551A53667-26/06/2026,,143.70,,209296.17,DR,17,RV082 = non-sales refund receipt; RV sequence extends past cash-ledger max RV081
BANK_PBB,8,277,30/06/2026,RV083/06,REFUND OVERPAID FROM PUNCAK NIAGA,,5.40,,209301.57,DR,18,RV083 = supplier overpayment refund receipt
BANK_PBB,8,278,30/06/2026,TF300626,INV/NO : 64032/DEJAYA,TF300626,1846.80,,211148.37,DR,19,
BANK_PBB,8,279,30/06/2026,TT300626,INV/NO : 35039/SKY,TT300626,1590.00,,212738.37,DR,20,closing 212738.37 DR matches plan baseline (red checkmark on page); June totals: 206 debits = 685388.69 / 72 credits = 644938.48 both match plan exactly; NO row for cash bill 015375 anywhere in statement
